<?xml version="1.0" encoding="UTF-8"?><record xmlns="http://www.loc.gov/MARC21/slim" xmlns:cinclude="http://apache.org/cocoon/include/1.0" xmlns:zs="http://www.loc.gov/zing/srw/">
  <leader>00440nz  a2200133n  4500</leader>
  <controlfield tag="001">n  88679513 </controlfield>
  <controlfield tag="003">DLC</controlfield>
  <controlfield tag="005">19881212110808.6</controlfield>
  <controlfield tag="008">881212n| acannaab|          |n aaa |||  </controlfield>
  <datafield tag="010" ind1=" " ind2=" ">
    <subfield code="a">n  88679513 </subfield>
  </datafield>
  <datafield tag="040" ind1=" " ind2=" ">
    <subfield code="a">DLC</subfield>
    <subfield code="c">DLC</subfield>
  </datafield>
  <datafield tag="100" ind1="1" ind2="0">
    <subfield code="a">Kinghorn, Jon Rye</subfield>
  </datafield>
  <datafield tag="670" ind1=" " ind2=" ">
    <subfield code="a">nuc87-83957: His A guide to four essential themes, c1979</subfield>
    <subfield code="b">(hdg. on IU rept.: Kinghorn, Jon Rye; usage: Jon Rye Kinghorn)</subfield>
  </datafield>
  <datafield tag="670" ind1=" " ind2=" ">
    <subfield code="a">LC data base, 12/12/88</subfield>
    <subfield code="b">(hdg.: Kinghorn, Jon Rye)</subfield>
  </datafield>
</record>